@article{allahyari2017brief,
    title = {{A Brief Survey of Text Mining: Classification, Clustering and Extraction Techniques}},
    year = {2017},
    journal = {Clustering and Extraction Techniques. arXiv preprint},
    author = {Allahyari, Mehdi and Pouriyeh, Seyedamin and Assefi, Mehdi and Safaei, Saied and Trippe, Elizabeth D. and Gutierrez, Juan B. and Kochut, Krys},
    url = {http://arxiv.org/abs/1707.02919},
    isbn = {0003-6919 (Print)},
    doi = {10.1.1.447.4161},
    issn = {0003-6919},
    pmid = {4441062},
    arxivId = {1707.02919}
}

@article{allahyari2017briefb,
    title = {{A brief survey of text mining: Classification, clustering and extraction techniques}},
    year = {2017},
    journal = {arXiv preprint arXiv:1707.02919},
    author = {Allahyari, Mehdi and Pouriyeh, Seyedamin and Assefi, Mehdi and Safaei, Saied and Trippe, Elizabeth D and Gutierrez, Juan B and Kochut, Krys}
}

@article{cohen1960coefficient,
    title = {{A coefficient of agreement for nominal scales}},
    year = {1960},
    journal = {Educational and psychological measurement},
    author = {Cohen, Jacob},
    number = {1},
    pages = {37--46},
    volume = {20},
    publisher = {Sage Publications Sage CA: Thousand Oaks, CA}
}

@inproceedings{naiveBayes_aComparison,
    title = {{A comparison of event models for naive bayes text classification}},
    year = {1998},
    booktitle = {AAAI-98 workshop on learning for text categorization},
    author = {McCallum, Andrew and Nigam, Kamal and {others}},
    number = {1},
    pages = {41--48},
    volume = {752},
    organization = {Citeseer}
}

@article{meraviglia2016new,
    title = {{A new international measure of social stratification}},
    year = {2016},
    journal = {Contemporary Social Science},
    author = {Meraviglia, Cinzia and Ganzeboom, Harry B G and De Luca, Deborah},
    number = {2-3},
    pages = {125--153},
    volume = {11},
    publisher = {Taylor {\&} Francis}
}

@inproceedings{ganzeboom2010new,
    title = {{A new International Socio-Economic Index (ISEI) of occupational status for the International Standard Classification of Occupation 2008 (ISCO-08) constructed with data from the ISSP 2002-2007}},
    year = {2010},
    booktitle = {Annual Conference of International Social Survey Programme, Lisbon},
    author = {Ganzeboom, Harry B G},
    volume = {1}
}

@article{connelly2016review,
    title = {{A Review of occupation-based social classifications for social survey research}},
    year = {2016},
    journal = {Methodological Innovations},
    author = {Connelly, Roxanne and Gayle, Vernon and Lambert, Paul S},
    pages = {2059799116638003},
    volume = {9},
    publisher = {SAGE Publications Sage UK: London, England}
}

@article{ganzeboom_ISEI,
    title = {{A standard international socio-economic index of occupational status}},
    year = {1992},
    journal = {Social science research},
    author = {Ganzeboom, Harry B G and De Graaf, Paul M and Treiman, Donald J},
    number = {1},
    pages = {1--56},
    volume = {21},
    publisher = {Academic Press}
}

@incollection{aggarwal2012survey,
    title = {{A survey of text classification algorithms}},
    year = {2012},
    booktitle = {Mining text data},
    author = {Aggarwal, Charu C and Zhai, ChengXiang},
    pages = {163--222},
    publisher = {Springer}
}

@book{hoffmeyer2003advances,
    title = {{Advances in cross-national comparison: A European working book for demographic and socio-economic variables}},
    year = {2003},
    author = {Hoffmeyer-Zlotnik, Jurgen H P and Hoffmeyer-Zlotnik, Jürgen H P and Wolf, Christof},
    publisher = {Springer Science {\&} Business Media}
}

@book{munzert2014automated,
    title = {{Automated data collection with R: A practical guide to web scraping and text mining}},
    year = {2014},
    author = {Munzert, Simon and Rubba, Christian and Mei{\ss}ner, Peter and Nyhuis, Dominic},
    publisher = {John Wiley {\&} Sons}
}

@article{schierholzautomating,
    title = {{Automating Survey Coding for Occupation}},
    year = {2014},
    journal = {FDZ Methodenreport},
    author = {Schierholz, Malte (Instit für Arbeitsmarkt- und Berufsforschung)},
    volume = {10}
}

@techreport{hartmann2017berufe,
    title = {{Berufe-Vercodung im SOEP 1998: Erprobung alternativer Verfahren}},
    year = {2017},
    author = {Hartmann, Josef and Rosenbladt, Bernhard von},
    institution = {SOEP Survey Papers}
}

@article{hoffmeyer2003berufsklassifikation,
    title = {{Berufsklassifikation und Messung des beruflichen Status/Prestige}},
    year = {2003},
    journal = {ZUMA Nachrichten},
    author = {Hoffmeyer-Zlotnik, Jürgen H P and Geis, Alfons J},
    number = {52},
    pages = {125--138},
    volume = {27},
    publisher = {Deutschland}
}

@misc{pack::caret,
    title = {{caret: Classification and Regression Training}},
    year = {2018},
    author = {from Jed Wing, Max Kuhn. Contributions and Weston, Steve and Williams, Andre and Keefer, Chris and Engelhardt, Allan and Cooper, Tony and Mayer, Zachary and Kenkel, Brenton and {the R Core Team} and Benesty, Michael and Lescarbeau, Reynald and Ziem, Andrew and Scrucca, Luca and Tang, Yuan and Candan, Can and Hunt., Tyler},
    url = {https://cran.r-project.org/package=caret}
}

@misc{isco_corr_table_ilo,
    title = {{Correspondence table ISCO-08/ISCO-88}},
    year = {2012},
    author = {{ILO}},
    url = {http://www.ilo.org/public/english/bureau/stat/isco/docs/corrtab08-88.xls}
}

@article{thompson_acc_accuracy,
    title = {{Creating an automated industry and occupation coding process for the American Community Survey}},
    year = {2012},
    journal = {unpublished report},
    author = {Thompson, Matthew and Kornbau, Michael E and Vesely, Julie}
}

@article{article,
    title = {{Cross-Validation for Imbalanced Datasets: Avoiding Overoptimistic and Overfitting Approaches}},
    year = {2018},
    journal = {IEEE Computational Intelligence Magazine},
    author = {Santos, Miriam and Soares, Jastin and Henriques Abreu, Pedro and Araujo, Helder and Santos, Joao},
    pages = {59--76},
    volume = {13},
    doi = {10.1109/MCI.2018.2866730}
}

@misc{listClassificationsUN,
    title = {{Currently active classifications in the National Classifications database}},
    year = {2018},
    booktitle = {List of classifications in the UNSD national classifications database},
    author = {United Nations, Statistics Division},
    pages = {11--15},
    url = {https://unstats.un.org/unsd/classifications/nationalclassifications/National_classifications_by_category_180413.pdf}
}

@article{loos2013verfahren,
    title = {{Das Verfahren der Berufskodierung im Zensus 2011}},
    year = {2013},
    journal = {Wirtsch. Statist},
    author = {Loos, C and Eisenmenger, M and Bretschi, D},
    pages = {173--184}
}

@book{aggarwalClassBook,
    title = {{Data Classification: Algorithms and Applications}},
    year = {2014},
    author = {Aggarwal, Charu C},
    publisher = {CRC Press},
    isbn = {1466586745, 9781466586741},
    doi = {10.1201/b17320}
}

@book{Torgo2010,
    title = {{Data Mining with R, learning with case studies}},
    year = {2010},
    author = {Torgo, L},
    publisher = {Chapman and Hall/CRC},
    url = {http://www.dcc.fc.up.pt/~ltorgo/DataMiningWithR}
}

@book{pack:weka,
    title = {{Data Mining: Practical Machine Learning Tools and Techniques}},
    year = {2005},
    author = {Witten, Ian H and Frank, Eibe},
    edition = {2nd},
    publisher = {Morgan Kaufmann},
    address = {San Francisco}
}

@techreport{survey_neuvercodung,
    title = {{Die Klassifizierung der Berufe und der Wirtschaftszweige im Sozio-oekonomischen Panel-Neuvercodung der Daten 1984-2001}},
    year = {2017},
    author = {Hartmann, Josef and Sch{\"{u}}tz, Gerd},
    institution = {SOEP Survey Papers}
}

@article{audrino2018extending,
    title = {{Extending the logit model with Midas aggregation: The case of US bank failures}},
    year = {2018},
    journal = {Available at SSRN 3117877},
    author = {Audrino, Francesco and Kostrov, Alexander and Ortega, Juan-Pablo}
}

@misc{ISCO88,
    title = {{Fourteenth International Conference of Labour Statisticians: Report of conference}},
    year = {1988},
    author = {{ILO}},
    publisher = {International Labour Organization Geneva}
}

@book{package:ggplot2,
    title = {{ggplot2: Elegant Graphics for Data Analysis}},
    year = {2009},
    author = {Wickham, Hadley},
    publisher = {Springer-Verlag New York},
    url = {http://ggplot2.org},
    isbn = {978-0-387-98140-6}
}

@article{friedman2001greedy,
    title = {{Greedy function approximation: a gradient boosting machine}},
    year = {2001},
    journal = {Annals of statistics},
    author = {Friedman, Jerome H},
    pages = {1189--1232},
    publisher = {JSTOR}
}

@book{harmonising_hoffmeyer_2013,
    title = {{Harmonising demographic and socio-economic variables for cross-national comparative survey research}},
    year = {2013},
    author = {Hoffmeyer-Zlotnik, Jürgen H P and Warner, Uwe},
    publisher = {Springer Science {\&} Business Media}
}

@article{intercoder_reliability,
    title = {{Intercoder-reliabilit{\"{a}}t bei der berufscodierung nach der ISCO-88 und validit{\"{a}}t des sozio{\"{o}}konomischen status}},
    year = {2009},
    journal = {Zeitschrift fur Erziehungswissenschaft},
    author = {Maaz, Kai and Trautwein, Ulrich and Gresch, Cornelia and L{\"{u}}dtke, Oliver and Watermann, Rainer},
    number = {2},
    pages = {281--301},
    volume = {12},
    doi = {10.1007/s11618-009-0068-0},
    issn = {1434663X},
    keywords = {Coding occupations, ISCO, School achievement studies, Social background, Social inequality, Socio-economic status}
}

@article{ganzeboom1989_egp,
    title = {{Intergenerahonal class mobility in comparative perspective}},
    year = {1989},
    journal = {Research in social Stratification and Mobility},
    author = {Ganzeboom, Harry B G and Luijkx, Ruud and Treiman, Donald J},
    pages = {3--84},
    volume = {8}
}

@book{ISCO08,
    title = {{International Standard Classification of Occupations 2008 (ISCO-08): Structure, group definitions and correspondence tables}},
    year = {2012},
    author = {{ILO}},
    edition = {Volume 1},
    publisher = {International Labour Office},
    address = {Geneva}
}

@book{overview_classifications,
    title = {{International Standard Industrial Classification of All Economic Activities (ISIC)}},
    year = {2008},
    author = {{United Nations}},
    number = {4},
    publisher = {United Nations Publications}
}

@misc{ganzeboom_conversion_tools,
    title = {{International Stratification and Mobility File, Tools for Standardizing Occupation Codes}},
    year = {2003},
    author = {Ganzeboom, Harry B G and Treiman, Donald J},
    publisher = {Department of Social Research Methodology},
    url = {http://www.camsis.stir.ac.uk/occunits/},
    address = {Amsterdam}
}

@article{ganzeboom1996_internationally,
    title = {{Internationally comparable measures of occupational status for the 1988 International Standard Classification of Occupations}},
    year = {1996},
    journal = {Social science research},
    author = {Ganzeboom, Harry B G and Treiman, Donald J},
    number = {3},
    pages = {201--239},
    volume = {25},
    publisher = {Elsevier}
}

@misc{package:irr,
    title = {{irr: Various Coefficients of Interrater Reliability and Agreement}},
    year = {2012},
    author = {Gamer, Matthias and Lemon, Jim, Ian Fellows Puspendra Singh},
    url = {https://cran.r-project.org/package=irr}
}

@misc{Hendrickx_John_isco88_isei88,
    title = {{ISKO: Stata module to recode 4 digit ISCO-88 occupational codes}},
    year = {2002},
    author = {Hendrickx, John},
    url = {https://ideas.repec.org/c/boc/bocode/s425802.html},
    howpublished = {Statistical Software Components, Boston College Department of Economics},
    keywords = {occupation codes, recode}
}

@article{KldB2010,
    title = {{Klassifikation der Berufe 2010--Band 1: systematischer und alphabetischer Teil mit Erl{\"{a}}uterungen}},
    year = {2011},
    journal = {Unter: statistik. arbeitsagentur. de (09.11. 2016)},
    author = {{Bundesagentur f{\"{u}}r Arbeit}}
}

@article{pack:knime,
    title = {{KNIME - the Konstanz information miner}},
    year = {2009},
    journal = {ACM SIGKDD Explorations Newsletter},
    author = {Berthold, Michael R.},
    number = {1},
    pages = {26},
    volume = {11},
    publisher = {Springer},
    isbn = {978-3-540-78239-1},
    doi = {10.1145/1656274.1656280},
    issn = {19310145},
    pmid = {17040037},
    arxivId = {arXiv:1506.01497v1}
}

@inproceedings{pack:knimeb,
    title = {{KNIME: The Konstanz Information Miner}},
    year = {2008},
    booktitle = {Data Analysis, Machine Learning and Applications},
    author = {Berthold, Michael R and Cebron, Nicolas and Dill, Fabian and Gabriel, Thomas R and K{\"{o}}tter, Tobias and Meinl, Thorsten and Ohl, Peter and Sieb, Christoph and Thiel, Kilian and Wiswedel, Bernd},
    editor = {Preisach, Christine and Burkhardt, Hans and Schmidt-Thieme, Lars and Decker, Reinhold},
    pages = {319--326},
    publisher = {Springer Berlin Heidelberg},
    address = {Berlin, Heidelberg},
    isbn = {978-3-540-78246-9}
}

@article{empirical_comp,
    title = {{Kompatibilit{\"{a}}t von ISCO-68, ISCO-88 und KldB-92}},
    year = {2001},
    journal = {ZUMA Nachrichten},
    author = {Geis, Alfons and Hoffmeyer-Zlotnik, Jürgen H P},
    number = {48},
    pages = {117--138},
    volume = {25},
    publisher = {Deutschland}
}

@book{fernandez2018learning,
    title = {{Learning from imbalanced data sets}},
    year = {2018},
    author = {Fern{\'{a}}ndez, Alberto and Garc{\textbackslash}'{\textbackslash}ia, Salvador and Galar, Mikel and Prati, Ronaldo C and Krawczyk, Bartosz and Herrera, Francisco},
    publisher = {Springer}
}

@article{schupp2002maintenance,
    title = {{Maintenance of and innovation in long-term panel studies: The case of the German Socio-Economic Panel (GSOEP)}},
    year = {2002},
    author = {Schupp, Jürgen and Wagner, Gert G},
    publisher = {DIW Discussion Paper}
}

@article{hacking_willenborg,
    title = {{Method series theme: coding; interpreting short descriptions using a classification}},
    year = {2012},
    journal = {Statistics Methods. Statistics Netherlands},
    author = {Hacking, W and Willenborg, L}
}

@book{aggarwal_text_mining_2012,
    title = {{Mining text data}},
    year = {2012},
    author = {Aggarwal, Charu C and Zhai, ChengXiang},
    publisher = {Springer Science {\&} Business Media}
}

@inproceedings{naiveBayes_theIndepenceAssumption,
    title = {{Naive (Bayes) at forty: The independence assumption in information retrieval}},
    year = {1998},
    booktitle = {European conference on machine learning},
    author = {Lewis, David D},
    pages = {4--15},
    organization = {Springer}
}

@article{duringInterview_schierholz,
    title = {{Occupation coding during the interview}},
    year = {2018},
    journal = {Journal of the Royal Statistical Society: Series A (Statistics in Society)},
    author = {Schierholz, Malte and Gensicke, Miriam and Tschersich, Nikolai and Kreuter, Frauke},
    number = {2},
    pages = {379--407},
    volume = {181},
    publisher = {Wiley Online Library}
}

@book{SIOPS_treiman_1977,
    title = {{Occupational prestige in comparative perspective}},
    year = {2013},
    author = {Treiman, Donald J},
    publisher = {Elsevier}
}

@article{pack:rweka,
    title = {{Open-Source Machine Learning: {\{}R{\}} Meets {\{}Weka{\}}}},
    year = {2009},
    journal = {Computational Statistics},
    author = {Hornik, Kurt and Buchta, Christian and Zeileis, Achim},
    number = {2},
    pages = {225--232},
    volume = {24},
    doi = {10.1007/s00180-008-0119-7}
}

@misc{pack:palladian_website_KNIME,
    title = {{Palladian Nodes for KNIME - Text Classifier}},
    year = {2012},
    author = {Urbansky, David},
    url = {https://www.knime.com/book/text-classifier}
}

@article{pack:pandas,
    title = {{pandas: a Foundational Python Library for Data Analysis and Statistics}},
    author = {McKinney, Wes}
}

@misc{pack:r_base,
    title = {{R: A Language and Environment for Statistical Computing}},
    year = {2017},
    author = {{R Core Team}},
    url = {https://www.r-project.org/},
    institution = {R Foundation for Statistical Computing},
    address = {Vienna, Austria}
}

@misc{Arya2019,
    title = {{RANN: Fast Nearest Neighbour Search (Wraps ANN Library) Using L2 Metric}},
    year = {2019},
    author = {Arya, Sunil and Mount, David and Kemp, Samuel E and Jefferis, Gregory},
    url = {https://cran.r-project.org/package=RANN}
}

@article{tijdens2014reviewing,
    title = {{Reviewing the measurement and comparison of occupations across Europe}},
    year = {2014},
    journal = {Amsterdam Institute for Advanced Labour Studies Working Paper},
    author = {Tijdens, K. G.},
    volume = {149},
    publisher = {University of Amsterdam}
}

@misc{publicRepo,
    title = {{SEDA - Data Analysis Project}},
    year = {2013},
    booktitle = {GitHub repository},
    author = {Breitling, M.},
    publisher = {GitHub},
    url = {https://github.com/mabreitling/DataAnalysisProjectPublic.git},
    howpublished = {https://github.com/mabreitling/DataAnalysisProjectPublic.git}
}

@article{chawla2002smote,
    title = {{SMOTE: synthetic minority over-sampling technique}},
    year = {2002},
    journal = {Journal of artificial intelligence research},
    author = {Chawla, Nitesh V and Bowyer, Kevin W and Hall, Lawrence O and Kegelmeyer, W Philip},
    pages = {321--357},
    volume = {16}
}

@inproceedings{chawla2003smoteboost,
    title = {{SMOTEBoost: Improving prediction of the minority class in boosting}},
    year = {2003},
    booktitle = {European conference on principles of data mining and knowledge discovery},
    author = {Chawla, Nitesh V and Lazarevic, Aleksandar and Hall, Lawrence O and Bowyer, Kevin W},
    pages = {107--119},
    organization = {Springer}
}

@article{SOEP_pgen_doc,
    title = {{SOEP-Core v32 – Documentation of Person-related Status and Generated Variables in PGEN}},
    year = {2017},
    journal = {SOEP Survey Papers},
    author = {{SOEP}},
    number = {Series D – Variable Descriptions and Coding},
    volume = {411},
    institution = {DIW Berlin/SOEP}
}

@techreport{berlin2018soep_v33.1,
    title = {{SOEP-Core v33. 1-Documentation of person-related status and generated variables in {\$} PGEN}},
    year = {2018},
    author = {{DIW}},
    institution = {SOEP Survey Papers}
}

@techreport{pers_questionnaire_soep_2017,
    title = {{SOEP-Core – 2017: Personenfragebogen, Stichproben A-L3}},
    year = {2018},
    author = {{Kantar Public}},
    institution = {SOEP Survey Papers}
}

@techreport{berlin2018soep,
    title = {{SOEP-Core-2017: Personenfragebogen, Stichproben A-L3}},
    year = {2018},
    author = {{DIW}},
    institution = {SOEP Survey Papers}
}

@misc{pack:stargazer,
    title = {{stargazer: Well-Formatted Regression and Summary Statistics Tables}},
    year = {2018},
    author = {Hlavac, Marek},
    url = {https://cran.r-project.org/package=stargazer},
    institution = {Central European Labour Studies Institute (CELSI)},
    address = {Bratislava, Slovakia}
}

@incollection{munz2016string,
    title = {{String Coding in a Generic Framework}},
    year = {2016},
    booktitle = {Methodological Issues of Longitudinal Surveys},
    author = {Munz, Manuel and Wenzig, Knut and Bela, Daniel},
    pages = {709--726},
    publisher = {Springer}
}

@misc{pack:stringr,
    title = {{stringr: Simple, Consistent Wrappers for Common String Operations}},
    year = {2017},
    author = {Wickham, Hadley},
    url = {https://cran.r-project.org/package=stringr}
}

@article{groves2009survey,
    title = {{Survey methodology (2nd)}},
    year = {2009},
    journal = {Hoboken: John Wiley and Sons},
    author = {Groves, Robert M and Fowler Jr, F J and Couper, M P and Lepkowski, J and Singer, E and Tourangeau, R},
    pages = {97--98}
}

@article{pack:tm,
    title = {{Text Mining Infrastructure in R}},
    year = {2008},
    journal = {Journal of Statistical Software},
    author = {Feinerer, Ingo and Hornik, Kurt and Meyer, David},
    number = {5},
    pages = {1--54},
    volume = {25},
    url = {http://www.jstatsoft.org/v25/i05/}
}

@book{silge2017text,
    title = {{Text mining with R}},
    year = {2017},
    author = {Silge, Julia and Robinson, David},
    publisher = {O'Reilly Media, Incorporated}
}

@book{textMiningSocialSciences,
    title = {{Text mining: A guidebook for the social sciences}},
    year = {2016},
    author = {Ignatow, Gabe and Mihalcea, Rada},
    publisher = {Sage Publications}
}

@article{zull2016coding,
    title = {{The Coding of Occupations}},
    year = {2016},
    journal = {GESIS Survey Guidelines},
    author = {Z{\"{u}}ll, Cornelia},
    pages = {3}
}

@article{goebel_theSOEP,
    title = {{The German Socio-Economic Panel (SOEP)}},
    year = {2018},
    journal = {Jahrb{\"{u}}cher f{\"{u}}r National{\"{o}}konomie und Statistik},
    author = {Goebel, Jan and Grabka, Markus M and Liebig, Stefan and Kroh, Martin and Richter, David and Schr{\"{o}}der, Carsten and Schupp, Jürgen},
    publisher = {De Gruyter}
}

@article{landis1977measurement,
    title = {{The measurement of observer agreement for categorical data}},
    year = {1977},
    journal = {biometrics},
    author = {Landis, J Richard and Koch, Gary G},
    pages = {159--174},
    publisher = {JSTOR}
}

@book{Feldman2007,
    title = {{The Text Mining Handbook: Advanced Approaches in Analyzing Unstructured Data}},
    year = {2007},
    booktitle = {Saudi Med J},
    author = {Feldman;, Ronen and Sanger, James},
    pages = {422},
    volume = {33},
    isbn = {0521836573},
    doi = {10.1179/1465312512Z.00000000017},
    issn = {14653133},
    pmid = {22773679},
    arxivId = {arXiv:1011.1669v3},
    keywords = {emergency, luation of non-urgent visits, to a busy urban}
}

@incollection{ganzeboom2003three,
    title = {{Three internationally standardised measures for comparative research on occupational status}},
    year = {2003},
    booktitle = {Advances in cross-national comparison},
    author = {Ganzeboom, Harry B G and Treiman, Donald J},
    pages = {159--193},
    publisher = {Springer}
}

@misc{Feinerer2018,
    title = {{tm: Text Mining Package}},
    year = {2018},
    author = {Feinerer, Ingo and Hornik, Kurt},
    url = {https://cran.r-project.org/package=tm}
}

@article{pack:palladian,
    title = {{Tud palladian overview}},
    year = {2011},
    journal = {TU Dresden, Department of Systems Engineering, Chair Computer Networks, IIR Group},
    author = {Urbansky, David and Muthmann, Klemens and Katz, Philipp and Reichert, Sandro},
    volume = {5},
    publisher = {Citeseer}
}